% This file was created with JabRef 2.10.
% Encoding: UTF8
@Book{shiye,
  Title                    = {岩石物理学基础},
  Author                   = {孙建国},
  Publisher                = {地质出版社},
  Year                     = {2006},

  Owner                    = {王亮},
  Timestamp                = {2015.07.02}
}

@Book{quanjing,
  Title                    = {岩石物理学基础},
  Author                   = {{席道瑛}  {徐松林}},
  Publisher                = {中国科学技术大学出版社},
  Year                     = {2012},

  Owner                    = {王亮},
  Timestamp                = {205.07.02}
}

